@misc{jaap,
	author = {Jaap Scherphuis},
	title = {The Mathematics of {Lights Out}},
	year = {2015},
	note = {https://www.jaapsch.net/puzzles/lomath.htm}
}

@book{ore_number_theory,
	author = {Øystein Ore},
	title = {Number Theory and Its History},
	date = {1988},
}


@book{Knuth_AOCP4A,
	author = {Donald Knuth},
	title = {The Art of Computer Programming, Volume 4{A}: Combinatorial Algorithms, Part 1},
	date = {Janurary 12, 2011},
	year = {2011},
	pages = {199-200 and 616-618},
	publisher = {Addison-Wesley},
	note = {Section 7.1.3, Exercises 190-194},
}

@article{ERIKSSON2001357,
	title = {Note on the Lamp Lighting Problem},
	journal = {Advances in Applied Mathematics},
	volume = {27},
	number = {2},
	pages = {357-366},
	year = {2001},
	issn = {0196-8858},
	doi = {https://doi.org/10.1006/aama.2001.0739},
	url = {https://www.sciencedirect.com/science/article/pii/S0196885801907390},
	author = {Henrik Eriksson and Kimmo Eriksson and Jonas Sjöstrand},}

@article{anderson_feil,
	author = {Marlow Anderson and Todd Feil},
	title = {Turning Lights Out with Linear Algebra},
	journal = {Mathematics Magazine},
	volume = {71},
	number = {4},
	pages = {300-303},
	year  = {1998},
	publisher = {Taylor & Francis},
	doi = {10.1080/0025570X.1998.11996658},
	URL = {https://doi.org/10.1080/0025570X.1998.11996658},
	eprint = {https://doi.org/10.1080/0025570X.1998.11996658}
}

@article{Sutner1989,
	doi = {10.1007/bf03023823},
	url = {https://doi.org/10.1007/bf03023823},
	year = {1989},
	month = mar,
	publisher = {Springer Science and Business Media {LLC}},
	volume = {11},
	number = {2},
	pages = {49-53},
	author = {Klaus Sutner},
	title = {Linear Cellular Automata and the {Garden-of-Eden}},
	journal = {The Mathematical Intelligencer}
}

@article{Goldwasser2002,
	author={Goldwasser, John
	and Klostermeyer, William
	and Ware, Henry},
	title={Fibonacci Polynomials and Parity Domination in Grid Graphs},
	journal={Graphs and Combinatorics},
	year={2002},
	month={May},
	day={01},
	volume={18},
	number={2},
	pages={271-283},
	issn={1435-5914},
	doi={10.1007/s003730200020},
	url={https://doi.org/10.1007/s003730200020}
}

@article{Goldwasser2000,
	author = {John Goldwasser and William Klostermeyer},
	year = {1997},
	pages = {99-111},
	title = {Maximization Versions of "{Lights Out}" Games in Grids and Graphs},
	journal = {Congressus Numerantium},
	volume = {126}
}

@article{Rockiki2013,
	author = {Tomas Rokicki and Herbert Kociemba and Morley Davidson and John Dethridge},
	year = {2013},
	pages = {1082-1105},
	title = {The Diameter of the {Rubik's Cube} Graph Is Twenty},
	journal = {SIAM Journal on Discrete Mathematics},
	volume = {27},
	issue = {2}
}

@article{CHEN200493,
  title = {Linear Time Algorithms to the Minimum {All-Ones Problem} for Unicyclic and Bicyclic Graphs},
  journal = {Electronic Notes in Discrete Mathematics},
  volume = {17},
  pages = {93-98},
  year = {2004},
  note = {Workshop on Graphs and Combinatorial Optimization},
  issn = {1571-0653},
  doi = {https://doi.org/10.1016/j.endm.2004.03.018},
  url = {https://www.sciencedirect.com/science/article/pii/S1571065304010200},
  author = {William Y.C. Chen and Xueliang Li and Chao Wang and Xiaoyan Zhang}
}

@article{HUNZIKER2004465,
  title = {Chebyshev polynomials over finite fields and reversibility of $\sigma$-automata on square grids},
  journal = {Theoretical Computer Science},
  volume = {320},
  number = {2},
  pages = {465-483},
  year = {2004},
  issn = {0304-3975},
  doi = {https://doi.org/10.1016/j.tcs.2004.03.031},
  url = {https://www.sciencedirect.com/science/article/pii/S0304397504001823},
  author = {Markus Hunziker and António Machiavelo and Jihun Park}
}

@article{GOLDWASSER2009774,
  title = {Does the lit-only restriction make any difference for the $\sigma$-game and $\sigma^+$-game?},
  journal = {European Journal of Combinatorics},
  volume = {30},
  number = {4},
  pages = {774-787},
  year = {2009},
  issn = {0195-6698},
  doi = {https://doi.org/10.1016/j.ejc.2008.09.020},
  url = {https://www.sciencedirect.com/science/article/pii/S0195669808002023},
  author = {John Goldwasser and Xinmao Wang and Yaokun Wu},
}

@article{Sutner1988,
	doi = {10.25088/ComplexSystems.2.6.3},
	url = {https://www.complex-systems.com/abstracts/v02_i06_a03/},
	year = {1988},
	month = {dec},
	publisher = {Complex Systems Publications, Inc.},
	volume = {2},
	number = {6},
	pages = {649-661},
	author = {Klaus Sutner},
	title = {Additive Automata On Graphs},
	journal = {Complex Systems}
}
